@article{bengio2000neural,
  title={A neural probabilistic language model},
  author={Bengio, Yoshua and Ducharme, R{\'e}jean and Vincent, Pascal},
  journal={Advances in neural information processing systems},
  volume={13},
  year={2000}
}
