@book{aggarwal2018machine,
    title     = {Machine learning for text: An introduction},
    author    = {Aggarwal, Charu C and Aggarwal, Charu C},
    year      = {2018},
    publisher = {Springer}
}
@book{geron2022hands,
    title     = {Hands-on machine learning with Scikit-Learn, Keras, and TensorFlow},
    author    = {G{\'e}ron, Aur{\'e}lien},
    year      = {2022},
    publisher = {" O'Reilly Media, Inc."}
}
@article{aggarwal2018neural,
  title={Neural networks and deep learning},
  author={Aggarwal, Charu C and others},
  journal={Springer},
  volume={10},
  number={978},
  pages={3},
  year={2018},
  publisher={Springer}
}
@article{li2018visualizing,
  title={Visualizing the loss landscape of neural nets},
  author={Li, Hao and Xu, Zheng and Taylor, Gavin and Studer, Christoph and Goldstein, Tom},
  journal={Advances in neural information processing systems},
  volume={31},
  year={2018}
}
@book{goodfellow2016deep,
  title={Deep learning},
  author={Goodfellow, Ian and Bengio, Yoshua and Courville, Aaron},
  year={2016},
  publisher={MIT press}
}
@article{sun2018improving,
  title={Improving deep neural networks with multi-layer maxout networks and a novel initialization method},
  author={Sun, Weichen and Su, Fei and Wang, Leiquan},
  journal={Neurocomputing},
  volume={278},
  pages={34--40},
  year={2018},
  publisher={Elsevier}
}
